@Book{abbott55:variation,
  author       = "Abbott, C. G.",
  title	       = "Periodic Solar Variation",
  publisher    = "Smithsonian Institution",
  year	       = "1955",
  volume       = "128",
  number       = "4",
  series       = "Smithsonian Miscellaneous Collections",
}

@Article{ajayi-al20:evaluation,
  author       = "Ajayi, S. and Kump, L. R. and Ridgwell, A. and
                  Kirtland-Turner, S. and Hay, C. C. and Bralower,
                  T. J.",
  title	       = "Evaluation of Paleocene-Eocene Thermal Maximum
                  Carbon Isotope Record Completenessâ€”An Illustration
                  of the Potential of Dynamic Time Warping in Aligning
                  Paleo-Proxy Records",
  journal      = "Geochemistry, Geophysics, Geosystems",
  year	       = "2020",
  volume       = "21",
  number       = "3",
}

@Article{antonelli-al09:andean,
  author       = "Antonelli, A. and Nylander, J. A. A. and Persson,
                  C. and Sanmartin, I.",
  title	       = "Tracing the impact of the {Andean} uplift on
                  {Neotropical} plant evolution",
  journal      = "Proceedings of the National Academy of Sciences",
  year	       = "2009",
  volume       = "106",
  number       = "24",
  pages	       = "9749--9754",
}

@Misc{baez12:twf319,
  author       = "Baez, J.",
  title	       = "This Week's Finds in Mathematical Physics",
  howpublished = "https://math.ucr.edu/home/baez/TWF.html",
  month	       = "11 April",
  year	       = "2012",
  note	       = "This Week's Finds (Week 319)",
}

@Article{barnola-al87:vostok-co2,
  author       = "Barnola, J. M. and Raynaud, D. and Korotkevich,
                  Y. S. and Lorius, C.",
  title	       = "Vostok ice core provides 160,000-year record of
                  atmospheric {CO$_2$}",
  journal      = "Nature",
  year	       = "1987",
  volume       = "329",
  pages	       = "408--414",
}

@Article{barnola-al91:re-examination,
  author       = "Barnola, J. M. and Pimienta, P. and Raynaud, D. and
                  Korotkevich, Y. S.",
  title	       = "{CO$_2$} climate relationship as deduced from the
                  {Vostok} ice core: a re-examination based on new
                  measurements and on a re-evaluation of the air
                  dating",
  journal      = "Tellus",
  year	       = "1991",
  volume       = "43B",
  pages	       = "83--91",
}

@Article{bereiter-al15:revision,
  author       = "Bereiter, B. and Eggleston, S. and Schmitt, J. and
                  Nehrbass-Ahles, C. and Stocker, T. F. and Fischer,
                  H. and Kipfstuhl, S. and Chappellaz, J.",
  title	       = "Revision of the {EPICA Dome C} {CO$_2$} record from
                  800 to 600 kyr before present ",
  journal      = "Geophysical Research Letters",
  year	       = "2015",
  volume       = "42",
  pages	       = "1--8",
}

@Article{berger21:milankovitch,
  author       = "Berger, A.",
  title	       = "Milankovitch, the father of paleoclimate modeling",
  journal      = "Climate of the Past",
  year	       = "2021",
  volume       = "17",
  pages	       = "1727--1733",
}

@Article{blunier-al02:productivity,
  author       = "Blunier, T. and Barnett, B. and Bender, M. L. and
                  Hendricks, M. B.",
  title	       = "Biological oxygen productivity during the last
                  60,000 years from triple {Oxygen} isotope
                  measurements",
  journal      = "Global Biogeochemical Cycles",
  year	       = "2002",
  volume       = "16",
  number       = "3",
  pages	       = "15",
}

@Article{broecker-al99:harvarton,
  author       = "Broecker, W. and Lynch-Stieglitz, J. and Archer,
                  D. and Hofmann, M. and Maier-Reimer, E. and Marchal,
                  O. and Stocker, T. and Gruber, N.",
  title	       = "How strong is the {Harvardton-Bear} constraint?",
  journal      = "Global Biogeochemical Cycles",
  year	       = "1999",
  volume       = "13",
  number       = "4",
  pages	       = "817--820",
}

@Article{carroll91:solubility,
  author       = "Carroll, J. J. and Slupsky, J. D. and Mather, A. E.",
  title	       = "The solubility of carbon dioxide in water at low
                  pressure",
  journal      = "Journal of Physical and Chemical Reference Data",
  year	       = "1991",
  volume       = "20",
  number       = "6",
  pages	       = "1201--1209",
}

@Article{chappellaz-al90:methane,
  author       = "Chappellaz, J. and Barnola, J.-M. and Raynaud,
                  D. and Korotkevich, Y. S. and Lorius, C.",
  title	       = "Ice-core record of atmospheric methane over the past
                  160,000 years",
  journal      = "Nature",
  year	       = "1990",
  volume       = "345",
  pages	       = "127--131",
}

@InCollection{church-al01:sealevel,
  author       = "Church, J. A. and Gregory, J. M. and Huybrechts,
                  P. and Kuhn, M. and Lambeck, K. and Nhuan, M. T. and
                  Qin, D. and Woodworth, P. L.",
  title	       = "Changes in Sea Level",
  booktitle    = "Climate change 2001: the scientific basis:
                  contribution of Working Group I to the third
                  assessment report of the Intergovernmental Panel on
                  Climate Change",
  publisher    = "Cambridge University Press",
  year	       = "2001",
  editor       = "Houghton, J. T.",
  chapter      = "11",
  pages	       = "639--693",
}

@Article{crafoord-kallen78:steadystate,
  author       = "Crafoord, C. and K{\"a}ll{\'e}n, E.",
  title	       = "A note on the condition for existence of more than
                  one steady-state solution in {Budyko-Sellers} type
                  models",
  journal      = "Journal of teh Atmospheric Sciences",
  year	       = "1978",
  volume       = "35",
  pages	       = "1123--1125",
}

@Article{dansgaard-johnsen69:model,
  author       = "Dansgaard, W. and Johnsen, S. J.",
  title	       = "A flow model and a time scale for the ice core from
                  {Camp Century, Greenland}",
  journal      = "Journal of Glaciology",
  year	       = "1969",
  volume       = "8",
  number       = "53",
  pages	       = "215--223",
}

@Article{dansgaard-al93:instability,
  author       = "Dansgaard, W. and Johnsen, S. J. and Clausen,
                  H. B. and Dahl-Jensen, D. and Gundestrup, N. S. and
                  Hammer, C. U. and Hvidberg, C. S. and Steffensen,
                  J. P. and Sveinbj{\"o}rnsdottir, A. E. and Jouzel,
                  J. and Bond, G.",
  title	       = "Evidence for general instability of past climate
                  from a 250-kyr ice-core record",
  journal      = "Nature",
  year	       = "1993",
  volume       = "364",
  pages	       = "218--220",
}

@Article{dansgaard-al89:dryas,
  author       = "Dansgaard, W. and White, J. W. C. and Johnsen,
                  S. J.",
  title	       = "The abrupt termination of the {Younger Dryas}
                  climate event",
  journal      = "Nature",
  year	       = "1989",
  volume       = "339",
  pages	       = "532--534",
}

@Manual{dickson-goyet94:co2-seawater,
  title	       = "Handbook of Methods for the Analysis of the Various
                  Parameters of the Carbon Dioxide System in Sea
                  Water",
  author       = "Dickson, A. G. and Goyet, C.",
  organization = "US Department of Energy",
  edition      = "2",
  year	       = "1994",
  note	       = "ORNL/CDIAC-74",
}

@Article{eggleston-al16:evolution,
  author       = "Eggleston, S. and Schmitt, J. and Bereiter, B. and
                  Schneider, R. and Fischer, H.",
  title	       = "Evolution of the stable carbon isotope composition
                  of atmospheric {CO$_2$} over the last glacial cycle",
  journal      = "Paleoceanography",
  year	       = "2016",
  volume       = "31",
  pages	       = "434--452",
}

@Article{epica04:eight,
  author       = "EPICA",
  title	       = "Eight glacial cycles from an {Antarctic} ice core",
  journal      = "Nature",
  year	       = "2004",
  volume       = "429",
  pages	       = "623--628",
}

@Article{erhardt-al22:aerosol,
  author       = "Erhardt, T. and Bigler, M. and Federer, U. and
                  Gfeller, G. and Leuenberger, D. and Stowasser,
                  O. and R{\"o}thlisberger, R. and Sch{\"u}pbach,
                  S. and Ruth, U. and Twarloh, B. and Wegner, A. and
                  Goto-Azuma, K. and Kuramoto, T. and Kj{\ae}r,
                  H. A. and Vallelonga, P. T. and Siggaard-Andersen,
                  M.-L. and Hansson,M. E. and Benton, A. K. and Louise
                  G. Fleet, L. G. and Rob Mulvaney, R. and Thomas,
                  E. R. and Abram, N. and Stocker, T. F. and Fischer,
                  H.",
  title	       = "High-resolution aerosol concentration data from the
                  {Greenland} {NorthGRIP} and {NEEM} deep ice cores",
  journal      = "Earth System Science Data",
  year	       = "2022",
  volume       = "14",
  pages	       = "1215--1231",
}

@Article{genty-al03:dating,
  author       = "Genty, D. and Blamart, D. and Ouahdi, R. and
                  Gilmour, M. and Jouzel, J. and Van Exter, S.",
  title	       = "Precise dating of {Dansgaard-Oescher} climate
                  oscillations in western {Europe} from stalagmite
                  data",
  journal      = "Nature",
  year	       = "2003",
  volume       = "421",
  pages	       = "833--837",
}

@Article{grip93:instability,
  author       = "GRIP",
  title	       = "Climate instability during the last interglacial
                  period recorded in the {GRIP} ice core",
  journal      = "Nature",
  year	       = "1993",
  volume       = "364",
  pages	       = "203--207",
}

@Article{grootes-stuiver97:oxygen,
  author       = "Grootes, P. M. and Stuiver, M.",
  title	       = "Oxygen 18/16 variability in {Greenland} snow and ice
                  with $10^3$ to $10^5$-year time resolution",
  journal      = "Journal of Geophysical Research",
  year	       = "1997",
  volume       = "102",
  pages	       = "26455--26470",
}

@Article{grootes-al93:comparison,
  author       = "Grootes, P. M. and Stuiver, M. and White,
                  J. W. C. and Johnsen, S. J. and Jouzel, J.",
  title	       = "Comparison of oxygen isotope records from the {GISP2}
                  and {GRIP} {Greenland} ice cores",
  journal      = "Nature",
  year	       = "1993",
  volume       = "366",
  pages	       = "552--554",
}

@Article{guy-al93:photosynthetic,
  author       = "Guy, R. D. and Fogel, M. L. and Berry, J. A.",
  title	       = "Photosynthetic fractionation of the stable isotopes
                  of {Oxygen} and {Carbon}",
  journal      = "Plant Physiology",
  year	       = "1993",
  volume       = "101",
  pages	       = "37--47",
}

@TechReport{hammer-al97:stratigraphic,
  author       = "Hammer, C.U. and Andersen, K. K. and Clausen,
                  H. B. and Dahl-Jensen, D. and Hvidberg, C. S. and
                  Iversen, P.",
  title	       = "The stratigraphic dating of the {GRIP} ice core",
  institution  = "Niels Bohr Institute for Astronomy, Physics and
                  Geophysics, University of Copenhagen",
  year	       = "1997",
  type	       = "Special Report",
}

@Article{hansen-al13:sensitivity,
  author       = "Hansen, J. and Sato, M. and Russell, G. and
                  Kharecha, P.",
  title	       = "Climate sensitivity, sea level and atmospheric
                  carbon dioxide",
  journal      = "Philosophical Transactions Royal Society A",
  year	       = "2013",
  volume       = "371",
  pages	       = "1--31",
}

@Article{hansen-al16:ice,
  author       = "Hansen, J. and Sato, M. and Hearty, P. and Ruedy,
                  R. and Kelley, M. and Masson-Delmotte, V. and
                  Russell, G. and Tselioudis, G. and Cao, J. and
                  Rignot, E. and Velicogna, I. andTormey, B. and
                  Donovan, B. and Kandiano, E. and von Schuckmann,
                  K. and Kharecha, P. and Legrande, A. N. and Bauer,
                  M. and and Lo, K.-W.",
  title	       = "Ice melt, sea level rise and superstorms: evidence
                  from paleoclimate data, climate modeling, and modern
                  observations that \unit{2}{\celsius} global warming
                  could be dangerous",
  journal      = "Atmospheric Chemistry and Physics",
  year	       = "2016",
  volume       = "16",
  pages	       = "3761--3812",
}

@Article{haynes-honisch20:inventory,
  author       = "Haynes, L. and H{\"o}nisch, B.",
  title	       = "The seawater carbon inventory at the
                  {Paleocene-Eocene} thermal maximum",
  journal      = "Proceedings of the National Academy of Sciences",
  year	       = "2020",
  volume       = "117",
  number       = "39",
  pages	       = "24088--24095",
}

@TechReport{hellmuth-al15:humidity,
  author       = "Hellmuth, O. and Feistel, R. and Lovel-Smith, J. and
                  Kalova, J.",
  title	       = "Metrological Aspects of Humidity: State of
                  Discussion on Common Positions, Challenges, and
                  Needs",
  institution  = "International Association for the Properties of
                  Water and Steam",
  year	       = "2015",
  type	       = "Technical Report, 16th International Conference on
                  the Properties of Water and Steam 2013, Greenwch,
                  UK",
}

@TechReport{icci22:cryosphere,
  author       = "ICCI",
  title	       = "State of the Cryosphere 2022---Growing Losses,
                  Global Impacts.",
  institution  = "International Cryosphere Climate Initiative",
  year	       = "2022",
}

@InBook{canadell-al21:IPCC6-biogeochemical,
  author       = "Canadell, J. G. and Monteiro, P. M. S. and Costa,
                  M. H. and Cotrim da Cunha, L. and Cox, P. M. and
                  Eliseev, A. V. and Henson, S. and Ishii, M. and
                  Jaccard, S. and Koven, C. and Lohila, A. and Patra,
                  P.K. and Piao, S. and Rogelj, J. and Syampungani,
                  S. and Zaehle, S. and Zickfeld, K.",
  editor       = "Masson-Delmotte, V. and Zhai, P. and Pirani, A. and
                  Connors, S. L. and P{\'e}an, C. and Berger, S. and
                  Caud, N. and Chen, Y. and Goldfarb, L. and Gomis,
                  M. I. and Huang, M. and Leitzell, K. and Lonnoy,
                  E. and Matthews, J. B. R. and Maycock, T. K. and
                  Waterfield, T. and Yelek{\cc}i, O. and Yu, R. and
                  Zhou, B.",
  title	       = "Climate Change 2021: The Physical Science
                  Basis. Contribution of Working Group I to the Sixth
                  Assessment Report of the Intergovernmental Panel on
                  Climate Change",
  chapter      = "Global Carbon and other Biogeochemical Cycles and
                  Feedbacks",
  publisher    = "Cambridge University Press",
  year	       = "2021",
  pages	       = "673--816",
}

@Article{johnsen-al89:precipitation,
  author       = "Johnsen, S. J. and Dansgaard, W. and White,
                  J. W. C.",
  title	       = "The origin of {Arctic} precipitation under present
                  and glacial conditions",
  journal      = "Tellus B: Chemical and Physical Meteorology",
  year	       = "1989",
  volume       = "41",
  number       = "4",
  pages	       = "452--468",
}

@Article{johnsen-al97:eemian,
  author       = "Johnsen, S. J. and Clausen, H. B. and Dansgaard,
                  W. and Gundestrup, N. S. and Hammer, C. U. and
                  Andersen, U. and Andersen, K. K. and Hvidberg,
                  C. S. and Dahl-Jensen, D.  and Steffensen, J. P. and
                  Shoji, H. and Sveinbj{\"o}rnsdottir, A. E. and
                  White, J. W. C. and Jouzel, J. and Fisher, D.",
  title	       = "The {$\delta^{18}$O} record along the {Greenland}
                  Ice Core Project deep ice core and the problem of
                  possible {Eemian} climatic instability",
  journal      = "Journal of Geophysical Research",
  year	       = "1997",
  volume       = "102",
  pages	       = "26397--26410",
}

@Article{jouzel-al93:extending,
  author       = "Jouzel, J. and Barkov, N. I. and Barnola, J. M. and
                  Bender, M. and Chappelaz, J. and Genthon, C. and
                  Kotlyakov, V. M. and Lipenkov, V. and Lorius, C. and
                  Petit, J. R. and Raynaud, D. and Raisbeck, G. and
                  Ritz, C. and Sowers,T. and Stievenard, M. and Yiou,
                  F. and Yiou, P.",
  title	       = "Extending the {Vostok} ice-core record of
                  paleoclimate to the penultimate glacial period",
  journal      = "Nature",
  year	       = "1993",
  volume       = "364",
  pages	       = "407--412",
}

@Article{kemp-al22:endgame,
  author       = "Kemp, L. and Xu, C. and Depledge, J. and Ebi,
                  K. L. and Goodwin Gibbins, G. and Kohler, T. A. and
                  Scheffer, M. and Schellnhuber, H. J. and Steffen,
                  W. and Lenton, T. M.",
  title	       = "Climate Endgame: Exploring catastrophic climate
                  change scenarios",
  journal      = "Proceedings National Academy of Sciences",
  year	       = "2022",
  volume       = "119",
  number       = "34",
  pages	       = "1--9",
}

@InCollection{kohfeld-ridgwell09:variability,
  author       = "Kohfeld, K. E. and Ridgwell, A.",
  title	       = "Glacial-Interglacial Variability in Atmospheric
                  {CO$_2$}",
  booktitle    = "Surface Ocean-Lower Atmosphere Processes",
  publisher    = "AGU",
  year	       = "2009",
  editor       = "Le Qu{\'e}r{\'e}, C. and Saltzman, E. S.",
  volume       = "187",
  series       = "Geophysical Monograph Series",
  pages	       = "251--286",
}

@Article{koehler-al11:abrupt,
  author       = "K{\"o}hler, P. and Knorr, G. and Buiron, D. and
                  Lourantou, A. and Chappellaz, J.",
  title	       = "Abrupt rise in atmospheric {CO$_2$} at the onset of
                  the B{\o}lling/Aller{\o}d: in-situ ice core data
                  versus true atmospheric signals",
  journal      = "Climate of the Past",
  year	       = "2011",
  volume       = "7",
  pages	       = "473--486",
}

@Article{kuehn11:framework,
  author       = "Kuehn, C.",
  title	       = "A Mathematical Framework for Critical Transitions:
                  Bifurcations, Fast-Slow Systems and Stochastic
                  Dynamics",
  journal      = "Physica D",
  year	       = "2011",
  volume       = "240",
  pages	       = "1020--1035",
}

@Article{kuehn13:framework,
  author       = "Kuehn, C.",
  title	       = "A Mathematical Framework for Critical Transitions:
                  Normal forms, variance and applications",
  journal      = "Journal of Nonlinear Science",
  year	       = "2013",
  volume       = "23",
  pages	       = "457--510",
}

@Article{lade-gross12:critical,
  author       = "Lade, S. J. and Gross, T.",
  title	       = "Early Warning Signals for Critical Transitions: A
                  Generalized Modeling Approach",
  journal      = "PLoS Computational Biology",
  year	       = "2012",
  volume       = "8",
  number       = "2",
  pages	       = "1-6",
}

@Article{laskar-al04:insolation,
  author       = "Laskar, J. and Robutel, P. and Joutel, F. and
                  Gastineau, M. and Correia, A. C. M. and Levrard, B.",
  title	       = "A long-term numerical solution for the insolation
                  quantities of the {Earth}",
  journal      = "Astronomy \& Astrophysics",
  year	       = "2004",
  volume       = "428",
  pages	       = "261--285",
}

@Article{laskar-boue10:expansion,
  author       = "Laskar, J. and Bou{\'e}, G.",
  title	       = "Explicit expansion of the three-body disturbing
                  function for arbitrary eccentricities and
                  inclinations",
  journal      = "Astronomy \& Astrophysics",
  year	       = "2010",
  volume       = "522",
  pages	       = "11",
}

@Article{laskar-al11:la2010,
  author       = "Laskar, J. and Fienga, A. and Gastineau, M. and
                  Manche, H.",
  title	       = "La2010: a new orbital solution for the long-term
                  motion of the {Earth}",
  journal      = "Astronomy \& Astrophysics",
  year	       = "2011",
  volume       = "532",
  pages	       = "15",
}

@Article{legrand-al88:atmospheric,
  author       = "Legrand, M. and Lorius, C. and Barkov, N. I. and
                  Petrov, V. N.",
  title	       = "Vostok ({Antarctica}) ice core: atmospheric chemistry
                  changes over the last climatic cycle (160,000
                  years)",
  journal      = "Atmosphere \& Environment",
  year	       = "1988",
  volume       = "22",
  pages	       = "317--331",
}

@Article{lenton-al19:tipping,
  author       = "Lenton, T. M. and Rockstr{\"o}m, J, and Gaffney,
                  O. and Rahmstorf, S. and Richardson, K. and Steffen,
                  W. and Schellnhuber, H. J.",
  title	       = "Climate tipping points---too risky to bet against",
  journal      = "Nature",
  year	       = "2019",
  volume       = "575",
  pages	       = "592--595",
}

@Article{lourantou-al10:changes,
  author       = "Lourantou, A. and Chappellaz, J. and Barnola,
                  J.-M. and Masson-Delmotte, V. and Raynaud, D.",
  title	       = "Changes in atmospheric {CO$_2$} and its carbon
                  isotopic ratio during the penultimate deglaciation",
  journal      = "Quaternary Science Reviews",
  year	       = "2010",
  volume       = "29",
  pages	       = "1983--1992",
}

@Article{marcott-al14:centenial,
  author       = "Marcott, S. A. and Bauska, T. K. and Buizert, C. and
                  Steig, E. J. and Rosen, J. L. and Cuffey, K. M. and
                  Fudge, T. J. and Severinghaus, J. P. and Ahn, J. and
                  Kalk, M. L. and McConnell, J. R. and Sowers, T. and
                  Taylor, K. C. and White, J. W. C. and Brook, E. J.",
  title	       = "Centennial-scale changes in the global carbon cycle
                  during the last deglaciation",
  journal      = "Nature",
  year	       = "2014",
  volume       = "514",
  pages	       = "616--619",
}

@Article{maslov14:self-organisation,
  author       = "Maslov, L. A.",
  title	       = "Self-organization of the {Earth's} climate system
                  versus {Milankovitch-Berger} astronomical cycles",
  journal      = "Journal of Advances in Modeling Earth Systems",
  year	       = "2014",
  volume       = "6",
  number       = "3",
  pages	       = "650--657",
}

@Article{mckay-al22:exceeding,
  author       = "McKay, D. I. A. and Staal, A. and Abrams, J. F. and
                  Winkelmann, R. and Sakschewski, B. and Loriani,
                  S. and Fetzer, I. and Cornell, S. E. and
                  Rockstr{\"o}m, J. and Lenton, T. M.",
  title	       = "Exceeding \unit{1.5}{\celsius} global warming could
                  trigger multiple climate tipping points",
  journal      = "Science",
  year	       = "2022",
  volume       = "377",
  number       = "1171",
}

@Article{meyers-malinverno18:proterozoic,
  author       = "Meyers, S. R. and Malinverno, A.",
  title	       = "Proterozoic {Milankovitch} cycles and the history of
                  the solar system",
  journal      = "Proceedings National Academy of Sciences, USA",
  year	       = "2018",
  volume       = "115",
  number       = "25",
  pages	       = "6363--6368",
}

@Book{milankovitch20:theorie,
  author       = "Milankovitch, M.",
  title	       = "Th{\'e}orie Math{\'e}matique des Ph{\'e}nom{\`e}nes
                  Produits pas la Radiation Solaire",
  publisher    = "Gauthier-Villars",
  year	       = "1920",
}

@Article{muller-macdonald97:inclination,
  author       = "Muller, R. A. and MacDonald, G. J.",
  title	       = "Spectrum of 100-kyr glacial cycle: Orbital
                  inclination, not eccentricity",
  journal      = "Proceedings National Academy of Sciences, USA",
  year	       = "1997",
  volume       = "94",
  pages	       = "8329--8334",
}

@Article{ngicp04:highresolution,
  author       = "NGICP",
  title	       = "High-resolution record of {Northern} hemisphere
                  climate extending into the last interglacial period",
  journal      = "Nature",
  year	       = "2004",
  volume       = "431",
  pages	       = "147--151",
}

@Article{north-al79:budyko-sellers,
  author       = "North, R. and Howard, L. and Pollard, D. and
                  Wielicki, B.",
  title	       = "Variational formulation of {Budyko-Sellers} climate
                  models",
  journal      = "Journal of the Atmospheric Sciences",
  year	       = "1979",
  volume       = "36",
  pages	       = "255--259",
}

@Article{parrenin-al07:chronology,
  author       = "Parrenin, F. and Barnola, J.-M. and Beer, J. and
                  Blunier, T. and Castellano, E. and Chappellaz,
                  J. and Dreyfus, G. and Fischer, H. and Fujita,
                  S. and Jouzel, J. and Kawamura , K. and
                  Lemieux-Dudon, B. and Loulergue, L. and
                  Masson-Delmotte, V. and Narcisi, B. and Petit,
                  J.-R. and Raisbeck, G. and Raynaud, D. and Ruth,
                  U. and Schwander, J. and Severi, M. and Spahni,
                  R. and Steffensen, J. P. and Svensson, A. and
                  Udisti, R. and Waelbroeck, C. and and Wolff, E.",
  title	       = "The {EDC3} chronology for the {EPICA} {Dome} {C} ice
                  core",
  journal      = "Climate of the Past",
  year	       = "2007",
  volume       = "3",
  pages	       = "485--497",
}

@Article{petit-al99:vostok,
  author       = "Petit, J. R. and Jouzel, J. and Raynaud, D. and
                  Barkov, N. I. and Barnola, J. M. and Basile, I. and
                  Bender, M. and Chappellaz, J. and Davis, J. and
                  Delaygue, G. and Delmotte, M. and Kotlyakov,
                  V. M. and Legrand, M. and Lipenkov, V. and Lorius,
                  C. and P{\'e}pin, L. and Ritz, C. and Saltzman,
                  E. and Stievenard, M.",
  title	       = "Climate and Atmospheric History of the Past 420,000
                  years from the {Vostok} Ice Core, {Antarctica}",
  journal      = "Nature",
  year	       = "1999",
  volume       = "399",
  pages	       = "429--436",
}

@Article{quinn-al91:orbit,
  author       = "Quinn, T. R. and Tremaine, S. and Duncan, M.",
  title	       = "Three million year integration of the {Earth}'s
                  orbit",
  journal      = "The Astronomical Journal",
  year	       = "1991",
  volume       = "101",
  number       = "6",
  pages	       = "2287--2305",
}

@Article{rietkerk-al21:tipping,
  author       = "Rietkerk, M. and Bastiaansen, R. and Banerjee,
                  S. and van de Koppel, J. and Baudena, M. and
                  Doelman, A.",
  title	       = "Evasion of tipping in complex systems through
                  spatial pattern formation",
  journal      = "Science",
  year	       = "2021",
  volume       = "374",
  number       = "6564",
}

@Article{schwinger-al14:nonlinearity,
  author       = "Schwinger, J. and Tjiputra, J. and Heinze, C. and
                  Bopp, L. and Christian, J. and Gehlen, M. and
                  Ilyina, T. and Jones, C. and Salas-M{\'e}lia, D. and
                  Segschneider, J.",
  title	       = "Nonlinearity of Ocean Carbon Cycle Feedbacks in
                  {CMIP5} Earth System Models",
  journal      = "Journal of Climate",
  year	       = "2014",
  volume       = "27",
  number       = "11",
  pages	       = "3869--3888",
}

@Article{sellers69:model,
  author       = "Sellers, W. D.",
  title	       = "A global climatic model based on the energy balance
                  of the {Earth-Atmosphere} system",
  journal      = "Journal of Applied Meteorology",
  year	       = "1969",
  volume       = "8",
  pages	       = "392--400",
}

@Article{siegenthaler-al05:stable,
  author       = "Siegenthaler, U. and Stocker, T. F. and Monnin,
                  E. and L{\"u}thi, D. and Schwander, J. and Stauffer,
                  B. and Raynaud, D. and Barnola, J.-M. and Fischer,
                  H. and Masson-Delmotte, V. and Jouzel, J.",
  title	       = "Stable carbon cycle-climate relationship during the
                  {Late Pleistocene}",
  journal      = "Science",
  year	       = "2005",
  volume       = "310",
  pages	       = "1313--1317",
}

@Article{sigman-boyle00:variations,
  author       = "Sigman, D. M. and Boyle, E. A.",
  title	       = "Glacial/Interglacial variations in atmospheric
                  carbon dioxide",
  journal      = "Nature",
  year	       = "2000",
  volume       = "407",
  pages	       = "859--869",
}

@Article{spiegel-al10:generalised,
  author       = "Spiegel, D. S. and Raymond, S. N. and Dressing,
                  C. D. and Scharf, C. A. and Mitchell, J. L.",
  title	       = "Generalised {Milankovitch} cycles and long-term
                  climatic habitability",
  journal      = "The Astrophysical Journal",
  year	       = "2010",
  volume       = "721",
  pages	       = "1308--1318",
}

@Article{steffen-al18:trajectories,
  author       = "Steffen, W. and Rockstr{\"o}m, J. and Richardson,
                  K. and Lenton, T. M. and Folke, C. and Liverman,
                  D. and Summerhayes C. P. and Barnosky, A. D. and
                  Cornell, S. E. and Crucifix, M. and Donges,
                  J. F. and Fetzer, I. and Lade, S. J. and Scheffer,
                  M. and Winkelmann, R. and Schellnhuber, H. J.",
  title	       = "Trajectories of the {Earth} System in the
                  {Anthropocene}",
  journal      = "Proceedings National Academy of Sciences",
  year	       = "2018",
  volume       = "115",
  number       = "33",
  pages	       = "8252--8259",
}

@Article{steig-al94:seasonal,
  author       = "Steig, E. J. and Grootes, P. M. and Stuiver, M.",
  title	       = "Seasonal precipitation timing and ice core records",
  journal      = "Science",
  year	       = "1994",
  volume       = "266",
  pages	       = "1885--1886",
}

@Article{stuiver-al95:gisp2,
  author       = "Stuiver, M. and Grootes, P. M. and Braziunas, T. F.",
  title	       = "The {GISP2} {18O} climate record of the past 16,500
                  years and the role of the sun, ocean and volcanoes",
  journal      = "Quaternary Research",
  year	       = "1995",
  volume       = "44",
  pages	       = "341--354",
}

@Book{thunberg22:climate,
  author       = "Thunberg, G.",
  title	       = "The Climate Book",
  publisher    = "Allen Lane",
  year	       = "2022",
  pages	       = "xvii+446",
}

@Book{thom72:stabilite,
  author       = "Thom, R.",
  title	       = "Stabilit{\'e} structurelle et morphogen{\`e}se :
                  essai d'une th{\'e}orie g{\'e}n{\'e}rale des
                  mod{\`e}les",
  publisher    = "Benjamin",
  year	       = "1972",
  series       = "Mathematical Physics Monograph Series",
  address      = "Reading, Mass.",
  pages	       = "362",
}

@Article{trenberth-smith05:atmosphere,
  author       = "Trenberth, K. E. and Smith, L.",
  title	       = "The mass of the atmosphere: a constraint on global
                  analyses",
  journal      = "Journal of Climate",
  year	       = "2005",
  volume       = "18",
  pages	       = "864--875",
}

@Article{vanderbilt-al19:expansion,
  author       = "van der Bilt, W. G. M. and Bron, A. and Haaga,
                  K. A.",
  title	       = "Was common era glacier expansion in the {Arctic
                  Atlantic} region triggered by unforced atmospheric
                  cooling?",
  journal      = "Quaternary Science Reviews",
  year	       = "2019",
  volume       = "222",
  pages	       = "6",
}

@Article{way-georgakarakos17:earthlike,
  author       = "Way, M. J. and Georgakarakos, N.",
  title	       = "Effects of variable eccentricity on the climate of
                  an {Earth}-like world",
  journal      = "The Astrophysical Journal Letters",
  year	       = "2017",
  volume       = "835",
  number       = "L1",
  pages	       = "6",
}

@Article{wei-al18:absorption,
  author       = "Wei, P. S. and Hsieh Y. C. and Chiu, H. H. and Yen,
                  D. L. and Lee, C. and Tsai, Y. C. and Ting, T. C.",
  title	       = "Absorption coefficient of carbon dioxide across
                  atmospheric troposphere layer",
  journal      = "Heliyon",
  year	       = "2018",
  volume       = "4",
  pages	       = "20",
}

@Article{weiss74:solubility,
  author       = "Weiss, R. F.",
  title	       = "Carbon dioxide in water and seawater: the solubility
                  of a non-ideal gas",
  journal      = "Marine Chemistry",
  year	       = "1974",
  volume       = "2",
  pages	       = "203--215",
}

@InCollection{wright00:marine,
  author       = "Wright, J. D.",
  title	       = "Global climate change in marine stable isotope
                  records",
  booktitle    = "Quaternary Geochronology: Methods and Applications",
  publisher    = "American Geophysical Union",
  year	       = "2000",
  editor       = "Noller, J. S. and Sowers, J. M. and Lettis, W. R.",
  number       = "4",
  series       = "AGU Reference Shelf",
  pages	       = "427--433",
}

@Article{wu-al18:pH,
  author       = "Henry C. Wu and Delphine Dissard and Eric Douville
                  and Dominique Blamart and Louise Bordier and Aline
                  Tribollet and Florence Le Cornec and Edwige
                  Pons-Branchu and Arnaud Dapoigny and Claire
                  E. Lazareth",
  title	       = "Surface ocean pH variations since 1689 {CE} and
                  recent ocean acidification in the tropical South
                  Pacific",
  journal      = "Nature Communications",
  year	       = "2018",
  volume       = "9",
  number       = "2543",
  pages	       = "1--13",
}

@Article{zeebe01:cretaceous,
  author       = "Zeebe, R. E.",
  title	       = "Seawater pH and isotopic paleotemperatures of
                  {Cretaceous} oceans",
  journal      = "Palaeogeography, Palaeoclimatology, Palaeoecology",
  year	       = "2001",
  volume       = "170",
  pages	       = "49--57",
}

@Proceedings{zirin-al76:solarconstant,
  title	       = "The Solar Constant and the Earth's Atmosphere",
  year	       = "1976",
  editor       = "Zirin, H. and Moore, R. L. and Walter, J.",
  volume       = "46",
  publisher    = "Reidel",
  pages	       = "377--409",
}

